@article{yee1966numerical,
  title={Numerical solution of initial boundary value problems involving Maxwellâ€™s equations in isotropic media},
  author={Yee, Kane S and others},
  journal={IEEE Trans. Antennas Propag},
  volume=14,
  number=3,
  pages={302--307},
  year=1966
}