%% This BibTeX bibliography file was created using BibDesk.
%% http://bibdesk.sourceforge.net/


%% Created for Theodore Eberts at 2015-04-30 19:07:03 -0600 


%% Saved with string encoding Unicode (UTF-8) 



@book{briggs2000multigrid,
	Author = {Briggs},
	Date-Added = {2015-05-01 00:58:48 +0000},
	Date-Modified = {2015-05-01 00:59:47 +0000},
	Publisher = {SIAM},
	Title = {A multigrid tutorial},
	Year = {2000}}

@book{hackbusch1985multi,
	Author = {Hackbusch, Wolfgang},
	Date-Added = {2015-05-01 00:56:50 +0000},
	Date-Modified = {2015-05-01 00:57:59 +0000},
	Publisher = {Springer-Verlag Berlin},
	Title = {Mulit-grid methods and applications},
	Year = {1985}}

@article{hiptmair1998multigrid,
	Author = {Hiptmair,Ralf},
	Date-Added = {2015-05-01 00:43:47 +0000},
	Date-Modified = {2015-05-01 00:45:41 +0000},
	Journal = {SIAM Journal on Numerical Analysis},
	Number = {1},
	Pages = {204--225},
	Title = {Multigrid method for Maxwell's equations},
	Volume = {36},
	Year = {1998}}

@article{yee1966numerical,
	Author = {Yee, Kane S and others},
	Journal = {IEEE Trans. Antennas Propag},
	Number = 3,
	Pages = {302--307},
	Title = {Numerical solution of initial boundary value problems involving Maxwell's equations in isotropic media},
	Volume = 14,
	Year = 1966}

@article{Brezina2000,
author = {Brezina, M and Cleary, a J and Falgout, R D and Henson, V E and Jones, J E and Manteuffel, Thomas a and Mccormick, Stephen F and Ruge, J W},
file = {:C$\backslash$:/Users/cristianmendoza/Desktop/smoothagg/Van00.pdf:pdf},
journal = {Society},
number = {5},
pages = {1570--1592},
title = {{Algebraic Multigrid Based on Smoothed Aggregation}},
volume = {22},
year = {2000}
}
@article{Vanek1996,
author = {Vanek, P and Mandel, J and Brezina, M},
doi = {10.1007/BF02238511},
file = {:C$\backslash$:/Users/cristianmendoza/Desktop/smoothagg/Van95.pdf:pdf},
issn = {0010-485X},
journal = {Computing. Archives for Scientific Computing},
number = {3},
pages = {179--196},
title = {{Algebraic multigrid by smoothed aggregation for second and fourth order elliptic problems}},
url = {http://www.ncbi.nlm.nih.gov/entrez/query.fcgi?db=pubmed\&cmd=Retrieve\&dopt=AbstractPlus\&list\_uids=MR1393006$\backslash$npapers2://publication/uuid/AE1D3BE3-81DC-4B02-9269-37964D5C1C34},
volume = {56},
year = {1996}
}
@article{Bramble1991,
author = {Bramble, James H and Pasciak, Joseph E and Wang, Junping and Xu, Jinchao},
file = {:C$\backslash$:/Users/cristianmendoza/Desktop/smoothagg/Bra91.pdf:pdf},
number = {195},
pages = {23--45},
title = {{CONVERGENCE ESTIMATES FOR MULTIGRID ALGORITHMS WITHOUT REGULARITY ASSUMPTIONS}},
volume = {57},
year = {1991}
}
@article{Hu2006,
author = {Hu, Jonathan J and Tuminaro, Raymond S and Bochev, Pavel B and Garasi, Christopher J and Robinson, Allen C},
file = {:C$\backslash$:/Users/cristianmendoza/Desktop/smoothagg/Hu06.pdf:pdf},
number = {5},
pages = {1669--1688},
title = {{Toward an $h$-independent Algebraic Multigrid Method for Maxwell's Equations}},
journal = {{SIAM Journal of Scientific Computing}},
volume = {27},
year = {2006}
}
@article{Gee2006,
author = {Gee, Mw and Siefert, Cm},
file = {:C$\backslash$:/Users/cristianmendoza/Desktop/smoothagg/mlguide5.pdf:pdf},
journal = {Sandia National \ldots},
title = {{ML 5.0 smoothed aggregation user's guide}},
url = {http://trilinos.sandia.gov/packages/ml/mlguide5.pdf},
year = {2006}
}

@article{reitzinger2002algebraic,
  title={An algebraic multigrid method for finite element discretizations with edge elements},
  author={Reitzinger, Stefan and Sch{\"o}berl, Joachim},
  journal={Numerical linear algebra with applications},
  volume={9},
  number={3},
  pages={223--238},
  year={2002},
  publisher={Wiley Online Library}
}

